@article{Grieco:2004:PEC:997150.997155,
  author = {Grieco, Luigi A. and Mascolo, Saverio},
  title = {Performance Evaluation and Comparison of Westwood+, New Reno, and Vegas TCP Congestion Control},
  journal = {SIGCOMM Comput. Commun. Rev.},
  issue_date = {April 2004},
  volume = {34},
  number = {2},
  month = apr,
  year = {2004},
  issn = {0146-4833},
  pages = {25--38},
  numpages = {14},
  url = {\url{http://doi.acm.org/10.1145/997150.997155}},
  doi = {10.1145/997150.997155},
  acmid = {997155},
  publisher = {ACM},
  address = {New York, NY, USA},
}

@Misc{Experiment1InitialCode,
  title = {{Message Latency Initial Code}},
  howpublished = {\url{https://bitbucket.org/natalia-chechina/2016-level4-isaac/src/e29be4714fbb/experiments/message\_latency/andreeas%20version/?at=master}},
  note = {Accessed: 2017-01-27}
}

@Misc{MultiRobotSystemsIEEECommittee,
  title={{Technical Committee on Multi-Robot Systems (TC MRS) of the IEEE Robotics and Automation Society}},
  howpublished = {\url{http://multirobotsystems.org/}},
  note = {Accessed: 2017-01-27}
}

@article{newman2008moos,
  title={MOOS-mission orientated operating suite},
  author={Newman, Paul Michael},
  journal={Massachusetts Institute of Technology, Tech. Rep},
  volume={2299},
  number={08},
  year={2008}
}

@Misc{YARP_it_notes,
  title = {{Getting Started with YARP Ports}},
  howpublished = {\url{http://www.yarp.it/note\_ports.html}},
  note = {Accessed: 2017-01-27}
}

@Misc{kozik-ros2evaluation,
  title = {{Evaluation Of ROS2 Communication Layer}},
  author={Adam Dąbrowski, Rafał Kozik, Mateusz Maciaś},
  howpublished = {\url{http://roscon.ros.org/2016/presentations/rafal.kozik-ros2evaluation.pdf}},
  note = {Accessed: 2017-01-27}
}

@Misc{why_ros2,
  title={{Why ROS 2.0?}},
  author={Brain Gerkey},
  howpublished = {\url{http://design.ros2.org/articles/why\_ros2.html}},
  note = {Accessed: 2017-01-27}
}

@inproceedings{Maruyama:2016:EPR:2968478.2968502,
  author = {Maruyama, Yuya and Kato, Shinpei and Azumi, Takuya},
  title = {Exploring the Performance of ROS2},
  booktitle = {Proceedings of the 13th International Conference on Embedded Software},
  series = {EMSOFT '16},
  year = {2016},
  isbn = {978-1-4503-4485-2},
  location = {Pittsburgh, Pennsylvania},
  pages = {5:1--5:10},
  articleno = {5},
  numpages = {10},
  url = {\url{http://doi.acm.org/10.1145/2968478.2968502}},
  doi = {10.1145/2968478.2968502},
  acmid = {2968502},
  publisher = {ACM},
  address = {New York, NY, USA},
  keywords = {data distribution service, embedded, publish/subscribe, quality of service, real-time, robot operating system},
}

@INPROCEEDINGS{4651213,
  author={D. Calisi and A. Censi and L. Iocchi and D. Nardi},
  booktitle={2008 IEEE/RSJ International Conference on Intelligent Robots and Systems},
  title={OpenRDK: A modular framework for robotic software development},
  year={2008},
  pages={1872-1877},
  keywords={concurrency control;multi-threading;open systems;robot programming;software reusability;OpenRDK modular framework;blackboard-type inter-module communication;concurrent module execution;distributed robotic system;information sharing;multi threaded multi process structure;rapid robotic software development;robot program reusability;Educational robots;Humans;Mobile robots;Robot sensing systems;Robots;Service robots;Software},
  doi={10.1109/IROS.2008.4651213},
  ISSN={2153-0858},
  month={Sept},
}

@Misc{OpenRDKIntro,
  title = {{OpenRDK Introduction}},
  howpublished = {\url{http://openrdk.sourceforge.net/index.php?n=Main.Introduction}},
  note = {Accessed: 2017-01-27}
}

@Misc{MiroGitHub,
  title = {{Miro Source On GitHub}},
  howpublished = {\url{https://github.com/hhutz/Miro}},
  note = {Accessed: 2017-01-27}
}

@article{choi2009real,
  title={Real-time control architecture using Xenomai for intelligent service robots in USN environments},
  author={Choi, Byoung Wook and Shin, Dong Gwan and Park, Jeong Ho and Yi, Soo Yeong and Gerald, Seet},
  journal={Intelligent Service Robotics},
  volume={2},
  number={3},
  pages={139--151},
  year={2009},
  publisher={Springer}
}

@ARTICLE{1044362,
  author={H. Utz and S. Sablatnog and S. Enderle and G. Kraetzschmar},
  journal={IEEE Transactions on Robotics and Automation},
  title={Miro - middleware for mobile robot applications},
  year={2002},
  volume={18},
  number={4},
  pages={493-497},
  keywords={distributed object management;middleware;mobile robots;object-oriented programming;protocols;robot programming;software maintenance;software portability;CORBA;Miro;communications protocols;enterprise information processing systems;error-prone task;generic abstract services;mobile robot;object-oriented robot middleware;operating systems;programming languages;software design;software maintainability;software portability;software technology;vendor-provided programming environments;Application software;Computer languages;Hardware;Middleware;Mobile communication;Mobile robots;Operating systems;Programming environments;Protocols;Software maintenance},
  doi={10.1109/TRA.2002.802930},
  ISSN={1042-296X},
  month={Aug}
}

@Misc{XenomaiGitRepos,
  title={{Xenomai Git Repositories}},
  howpublished = {\url{https://git.xenomai.org/}},
  note = {Accessed: 2017-01-27}
}

@article{koh2013real,
  title={Real-time performance of real-time mechanisms for rtai and xenomai in various running conditions},
  author={Koh, Jae Hwan and Choi, Byoung Wook}
}

@inproceedings{brown2010fast,
  title={How fast is fast enough? Choosing between Xenomai and Linux for real-time applications},
  author={Brown, Jeremy H and Martin, Brad}
}

@Misc{XenomaiTutorial,
  title={Xenomai Tutorial},
  howpublished={\url{http://www.cs.ru.nl/lab/xenomai/exercises/ex01/Exercise-1.html}},
  note = {Accessed: 2017-01-27}
}

@Misc{KERL-SVN,
  title={KERL SVN Repository},
  howpublished={\url{https://sourceforge.net/p/kerl/code/HEAD/tree/}},
  note = {Accessed: 2017-01-27}
}

@inproceedings{gruner2009teaching,
  title={Teaching Erlang using robotics and player/stage},
  author={Gr{\"u}ner, Sten and Lorentsen, Thomas},
  booktitle={Proceedings of the 8th ACM SIGPLAN workshop on ERLANG},
  pages={33--40},
  year={2009},
  organization={ACM}
}

@inproceedings{lutac2016towards,
  title={Towards reliable and scalable robot communication},
  author={Lutac, Andreea and Chechina, Natalia and Aragon-Camarasa, Gerardo and Trinder, Phil},
  booktitle={Proceedings of the 15th International Workshop on Erlang},
  pages={12--23},
  year={2016},
  organization={ACM}
}

@Misc{PlayerServerManual,
  title={Player Server Manual},
  howpublished={\url{http://playerstage.sourceforge.net/doc/Player-1.6.5/player-html/}},
  note = {Accessed: 2017-01-27}
}

@article{brugali2010component,
  title={Component-based robotic engineering (part ii)},
  author={Brugali, Davide and Shakhimardanov, Azamat},
  journal={IEEE Robotics \& Automation Magazine},
  volume={17},
  number={1},
  pages={100--112},
  year={2010},
  publisher={IEEE}
}

@Misc{roslaunchPage,
  title={roslaunch ROS Package},
  howpublished={\url{http://wiki.ros.org/roslaunch}},
  note = {Accessed: 2017-01-27}
}

@Misc{rosconcepts,
  title={ROS Concepts},
  howpublished={\url{http://wiki.ros.org/ROS/Concepts}},
  note = {Accessed: 2017-02-05}
}

@article{newman2009introduction,
  title={Introduction to Programming with MOOS},
  author={Newman, Paul},
  journal={Communications,(November)},
  pages={1--34},
  year={2009}
}

@Misc{SunfounderRobotCarKit,
  title={Sunfounder Robot Car Kit},
  howpublished={\url{https://www.sunfounder.com/rpi-car.html}},
  note = {Accessed: 2017-01-27}
}

@Misc{mit-stata-center-dataset,
  title={MIT Stata Center Dataset},
  howpublished={\url{https://projects.csail.mit.edu/stata/downloads.php}},
  note = {Accessed: 2017-01-27}
}

@article{hockstein2007history,
  title={A history of robots: from science fiction to surgical robotics},
  author={Hockstein, Neil G and Gourin, CG and Faust, RA and Terris, David J},
  journal={Journal of robotic surgery},
  volume={1},
  number={2},
  pages={113--118},
  year={2007},
  publisher={Springer}
}

@incollection{hagele2016robotsatwork,
  title={Robots at Work},
  author={H{\"a}gele, Martin and Nilsson, Klas and Pires, J Norberto and Bischoff, Rainer},
  booktitle={Springer handbook of robotics},
  pages={1385--1781},
  year={2016},
  publisher={Springer}
}

@incollection{hagele2016ashorthistory,
  title={A Short History of Industrial Robotics},
  author={H{\"a}gele, Martin and Nilsson, Klas and Pires, J Norberto and Bischoff, Rainer},
  booktitle={Springer handbook of robotics},
  pages={1386--1392},
  year={2016},
  publisher={Springer}
}

@techreport{Lee:EECS-2008-8,
  Author = {Lee, Edward A.},
  Title = {Cyber Physical Systems: Design Challenges},
  Institution = {EECS Department, University of California, Berkeley},
  Year = {2008},
  Month = {Jan},
  URL = {\url{http://www2.eecs.berkeley.edu/Pubs/TechRpts/2008/EECS-2008-8.html}},
  Number = {UCB/EECS-2008-8}
}

@INPROCEEDINGS{4058987,
  author={B. Bauml and G. Hirzinger},
  booktitle={2006 IEEE/RSJ International Conference on Intelligent Robots and Systems},
  title={Agile Robot Development (aRD): A Pragmatic Approach to Robotic Software},
  year={2006},
  pages={3741-3748},
  keywords={control engineering computing;mechatronics;robots;agile robot development;complex mechatronic system development;distributed software design;robot design;robotic software;Application software;Computer architecture;Hardware;Intelligent robots;Mechatronics;Mobile robots;Orbital robotics;Robot control;Robot sensing systems;Software design},
  doi={10.1109/IROS.2006.281756},
  ISSN={2153-0858},
  month={Oct}
}

@article{atzori2010internet,
  title={The internet of things: A survey},
  author={Atzori, Luigi and Iera, Antonio and Morabito, Giacomo},
  journal={Computer networks},
  volume={54},
  number={15},
  pages={2787--2805},
  year={2010},
  publisher={Elsevier}
}

@article{gordonthink,
  title={Think globally, act locally},
  author={Gordon, Geoff and Learning, CMU Machine}
}

@article{doi:10.5772/57313,
  author = {Zhi Yan and Nicolas Jouandeau and Arab Ali Cherif},
  title = {A Survey and Analysis of Multi-Robot Coordination},
  journal = {International Journal of Advanced Robotic Systems},
  volume = {10},
  number = {12},
  pages = {399},
  year = {2013},
  doi = {10.5772/57313},
  URL = {\url{http://dx.doi.org/10.5772/57313}},
  eprint = {\url{http://dx.doi.org/10.5772/57313}}
}

@article{estrin2002connecting,
  title={Connecting the physical world with pervasive networks},
  author={Estrin, Deborah and Culler, David and Pister, Kris and Sukhatme, Gaurav},
  journal={IEEE pervasive computing},
  volume={1},
  number={1},
  pages={62--63},
  year={2002},
  publisher={IEEE}
}

@inproceedings{cordeiro2010ieee,
  title={IEEE 802.11 ad: Introduction and performance evaluation of the first multi-Gbps WiFi technology},
  author={Cordeiro, Carlos and Akhmetov, Dmitry and Park, Minyoung},
  booktitle={Proceedings of the 2010 ACM international workshop on mmWave communications: from circuits to networks},
  pages={3--8},
  year={2010},
  organization={ACM}
}

@book{hamberg2012automation,
  title={Automation in warehouse development},
  author={Hamberg, Roelof and Verriet, Jacques},
  year={2012},
  publisher={Springer}
}

@article{wurman2008coordinating,
  title={Coordinating hundreds of cooperative, autonomous vehicles in warehouses},
  author={Wurman, Peter R and D'Andrea, Raffaello and Mountz, Mick},
  journal={AI magazine},
  volume={29},
  number={1},
  pages={9},
  year={2008}
}

@article{correll2016lessons,
  title={Lessons from the amazon picking challenge},
  author={Correll, Nikolaus and Bekris, Kostas E and Berenson, Dmitry and Brock, Oliver and Causo, Albert and Hauser, Kris and Okada, Kei and Rodriguez, Alberto and Romano, Joseph M and Wurman, Peter R},
  journal={arXiv preprint arXiv:1601.05484},
  year={2016}
}

@incollection{klavins2004communication,
  title={Communication complexity of multi-robot systems},
  author={Klavins, Eric},
  booktitle={Algorithmic Foundations of Robotics V},
  pages={275--291},
  year={2004},
  publisher={Springer}
}

@inproceedings{Bondi:2000:CSI:350391.350432,
  author = {Bondi, Andr{\'e} B.},
  title = {Characteristics of Scalability and Their Impact on Performance},
  booktitle = {Proceedings of the 2Nd International Workshop on Software and Performance},
  series = {WOSP '00},
  year = {2000},
  isbn = {1-58113-195-X},
  location = {Ottawa, Ontario, Canada},
  pages = {195--203},
  numpages = {9},
  url = {\url{http://doi.acm.org/10.1145/350391.350432}},
  doi = {10.1145/350391.350432},
  acmid = {350432},
  publisher = {ACM},
  address = {New York, NY, USA},
  keywords = {load scalability, performance, structural and space scalability}
}

@inproceedings{csahin2004swarm,
  title={Swarm robotics: From sources of inspiration to domains of application},
  author={{\c{S}}ahin, Erol},
  booktitle={International workshop on swarm robotics},
  pages={10--20},
  year={2004},
  organization={Springer}
}

@inproceedings{vaughan2003device,
  title={On device abstractions for portable, reusable robot code},
  author={Vaughan, Richard T and Gerkey, Brian P and Howard, Andrew},
  booktitle={Intelligent Robots and Systems, 2003.(IROS 2003). Proceedings. 2003 IEEE/RSJ International Conference on},
  volume={3},
  pages={2421--2427},
  year={2003},
  organization={IEEE}
}

@misc{roshomepage,
  title = {ROS (Robot Operating System) Project Homepage},
  author = {},
  howpublished = {\url{http://www.ros.org/}},
  note = {Accessed: 2017-01-27}
}

@misc{mooshomepage,
  title = {MOOS (Mission Oriented Operating Suite) Project Homepage},
  howpublished = {\url{http://www.robots.ox.ac.uk/~mobile/MOOS/wiki/pmwiki.php}},
  note = {Accessed: 2017-01-27}
}

@misc{kerlhomepage,
  title = {KERL (Kent Erlang Robotics Library) Project Homepage},
  howpublished = {\url{http://kerl.sourceforge.net/}},
  note = {Accessed: 2017-01-27}
}

@misc{yarphomepage,
  title = {YARP (Yet Another Robot Platform) Project Homepage},
  howpublished = {\url{http://yarp.it/}},
  note = {Accessed: 2017-01-27}
}

@misc{orocoshomepage,
  title = {Orocos (Open RObot Control Software) Project Homepage},
  howpublished = {\url{http://www.orocos.org/}},
  note = {Accessed: 2017-01-27}
}

@misc{carmenhomepage,
  title = {Carmen (Carnegie Mellon Robot Navigation Toolkit) Project Homepage},
  howpublished = {\url{http://carmen.sourceforge.net/}},
  note = {Accessed: 2017-01-27}
}

@misc{orcahomepage,
  title = {Orca Project Homepage},
  howpublished = {\url{http://orca-robotics.sourceforge.net/}},
  note = {Accessed: 2017-01-27}
}

@misc{mrds4homepage,
  title = {Microsoft Robotics Developer Studio 4 Project Homepage},
  howpublished = {\url{https://www.microsoft.com/en-gb/download/details.aspx?id=29081}},
  note = {Accessed: 2017-01-27}
}

@misc{playerhomepage,
  title = {Player Project Homepage},
  howpublished = {\url{http://playerstage.sourceforge.net/}},
  note = {Accessed: 2017-01-27}
}

@misc{ros2homepage,
  title = {ROS2 (Robot Operating System) Project Homepage},
  howpublished = {\url{http://design.ros2.org/}},
  note = {Accessed: 2017-01-27}
}

@misc{openrdkhomepage,
  title = {OpenRDK Project Homepage},
  howpublished = {\url{http://openrdk.sourceforge.net/}},
  note = {Accessed: 2017-01-27}
}

@misc{mirohomepage,
  title = {Miro Project Homepage},
  howpublished = {\url{http://users.isr.ist.utl.pt/~jseq/ResearchAtelier/misc/Miro%20-%20Middleware%20for%20Robots}},
  note = {Accessed: 2017-01-27}
}

@misc{xenomaihomepage,
  title = {Xenomai Project Homepage},
  howpublished = {\url{https://xenomai.org/}},
  note = {Accessed: 2017-01-27}
}

@misc{corbahomepage,
  title = {CORBA (Common Object Request Broker Architecture) Project Homepage},
  howpublished = {\url{http://www.corba.org/}},
  note = {Accessed: 2017-01-27}
}

@misc{urbihomepage,
  title = {Urbi Project Homepage},
  howpublished = {\url{http://www.gostai.com/products/urbi/}},
  note = {Accessed: 2017-01-27}
}

@misc{openrtmaisthomepage,
  title = {OpenRTM-aist Project Homepage},
  howpublished = {\url{http://www.openrtm.org/}},
  note = {Accessed: 2017-01-27}
}

@misc{rosaboutpage,
  title = {ROS About Page},
  howpublished = {\url{http://www.ros.org/about-ros/}},
  note = {Accessed: 2017-03-03}
}

@misc{corbaCommunicationWikipediaImage,
  title = {Diagram illustrates autogeneration of the infrastructure code from an interface defined using the CORBA IDL.},
  author = {Parker, Sean E.},
  howpublished = {\url{https://en.wikipedia.org/wiki/File:Orb.gif}},
  note = {Accessed: 2017-03-05}
}

@article{florwick2013wireless,
  title={Wireless lan design guide for high density client environments in higher education},
  author={Florwick, Jim and Whiteaker, Jim and Amrod, Alan Cuellar and Woodhams, Jake},
  journal={Design guide, Cisco},
  year={2013}
}

@misc{pr2OverviewDiagram,
  title = {Diagram illustratrating the major sensors present on Willow Garage's PR2 robot},
  author = {Pennington, Adam},
  howpublished = {\url{https://robotsfuture.blogspot.co.uk/2011_03_01_archive.html}},
  note = {Accessed: 2017-03-15}
}

@misc{andreeaLutacBlog,
  title = {Analysing ROS Distribution Capabilities (Blog)},
  author = {Lutac, Andreea},
  howpublished = {\url{http://www.dcs.gla.ac.uk/research/rosie/blog.html}},
  note = {Accessed: 2017-03-16}
}
